<?xml version = "1.0" encoding = "UTF-8"?><OAI-PMH xmlns="http://www.openarchives.org/OAI/2.0/" xmlns:xsi="http://www.w3.org/2001/XMLSchema-instance" xsi:schemaLocation="http://www.openarchives.org/OAI/2.0/ http://www.openarchives.org/OAI/2.0/OAI-PMH.xsd"><ListRecords><record><header><identifier>aleph-publish:020785634</identifier></header><metadata><record xmlns="http://www.ddb.de/professionell/mabxml/mabxml-1.xsd"><leader>------M2.01200024------u</leader><controlfield tag="LDR">------M2.01200024------u</controlfield><controlfield tag="FMT">MU</controlfield><datafield tag="001" ind1="-" ind2="1"><subfield code="a">HT018627673</subfield></datafield><datafield tag="001" ind1="-" ind2="2"><subfield code="a">HT013485005</subfield></datafield><datafield tag="002" ind1="a" ind2="1"><subfield code="a">20150430</subfield></datafield><datafield tag="002" ind1="a" ind2="2"><subfield code="a">20021029</subfield></datafield><datafield tag="003" ind1="-" ind2="1"><subfield code="a">20150806</subfield></datafield><datafield tag="003" ind1="-" ind2="2"><subfield code="a">20160405</subfield></datafield><datafield tag="010" ind1="-" ind2="1"><subfield code="a">HT013485005</subfield></datafield><datafield tag="025" ind1="o" ind2="1"><subfield code="a">1076005387</subfield></datafield><datafield tag="025" ind1="o" ind2="2"><subfield code="a">1071399188</subfield></datafield><datafield tag="026" ind1="-" ind2="1"><subfield code="a">HBZHT018627673</subfield></datafield><datafield tag="026" ind1="-" ind2="2"><subfield code="a">HBZHT013485005</subfield></datafield><controlfield tag="030">a|1uc||||||||</controlfield><datafield tag="036" ind1="a" ind2="2"><subfield code="a">US</subfield></datafield><datafield tag="037" ind1="b" ind2="1"><subfield code="a">eng</subfield></datafield><datafield tag="037" ind1="b" ind2="2"><subfield code="a">eng</subfield></datafield><controlfield tag="050">a|||||||||||||</controlfield><datafield tag="070" ind1="-" ind2="1"><subfield code="a">38 M</subfield></datafield><datafield tag="070" ind1="-" ind2="2"><subfield code="a">38 M</subfield></datafield><datafield tag="070" ind1="b" ind2="1"><subfield code="a">38 M</subfield></datafield><datafield tag="070" ind1="b" ind2="2"><subfield code="a">38 M</subfield></datafield><datafield tag="080" ind1="-" ind2="1"><subfield code="a">60</subfield></datafield><datafield tag="080" ind1="-" ind2="2"><subfield code="a">60</subfield></datafield><controlfield tag="089">[55]</controlfield><datafield tag="090" ind1="-" ind2="1"><subfield code="a">55</subfield></datafield><datafield tag="200" ind1="-" ind2="2"><subfield code="k">Society for Surgery of the Alimentary Tract</subfield><subfield code="9">(DE-588)8345-8</subfield></datafield><datafield tag="201" ind1="-" ind2="2"><subfield code="k">SSAT</subfield></datafield><datafield tag="331" ind1="-" ind2="1"><subfield code="a">[May 2 - 6, 2014 Chicago, Illinois]</subfield></datafield><datafield tag="331" ind1="-" ind2="2"><subfield code="a">SSAT annual meeting</subfield></datafield><datafield tag="335" ind1="-" ind2="2"><subfield code="a">[presented at the ... annual meeting of the Society for Surgery of the Alimentary Tract]</subfield></datafield><datafield tag="405" ind1="-" ind2="2"><subfield code="a">Nachgewiesen 41.2000(2002) - 55.2014</subfield></datafield><datafield tag="410" ind1="-" ind2="2"><subfield code="a">Baltimore, MD</subfield></datafield><datafield tag="425" ind1="b" ind2="2"><subfield code="a">2002</subfield></datafield><datafield tag="425" ind1="c" ind2="2"><subfield code="a">2014</subfield></datafield><datafield tag="425" ind1="a" ind2="1"><subfield code="a">2015</subfield></datafield><datafield tag="501" ind1="-" ind2="2"><subfield code="a">2015 fortgesetzt als Monografie</subfield></datafield><datafield tag="590" ind1="-" ind2="1"><subfield code="a">Journal of gastrointestinal surgery</subfield></datafield><datafield tag="594" ind1="-" ind2="1"><subfield code="a">New York, NY</subfield></datafield><datafield tag="596" ind1="-" ind2="1"><subfield code="a">19 (2015),4, S. 581 - 612 : Ill., graph. Darst.</subfield></datafield><datafield tag="596" ind1="-" ind2="1"><subfield code="a">19 (2015),6, S. 987 - 1014 : Ill., graph. Darst.</subfield></datafield><datafield tag="599" ind1="-" ind2="1"><subfield code="a">HT012889620</subfield></datafield><datafield tag="673" ind1="-" ind2="1"><subfield code="a">Chicago, Ill.</subfield><subfield code="9">(DE-588)4009921-0</subfield></datafield><datafield tag="674" ind1="-" ind2="1"><subfield code="a">2014</subfield></datafield><controlfield tag="SYS">020785634</controlfield><datafield tag="LOW" ind1="-" ind2="1"><subfield code="a">KM001</subfield></datafield><datafield tag="088" ind1=" " ind2=" "><subfield code="a">38 M</subfield></datafield></record></metadata></record></ListRecords></OAI-PMH>